<?xml version="1.0" encoding="UTF-8"?><collection xmlns="http://www.loc.gov/MARC21/slim"><record><leader>00471nam--2200181-i-4500</leader><controlfield tag="001">000021617</controlfield><controlfield tag="002">20161230</controlfield><controlfield tag="005">20161230201034</controlfield><controlfield tag="008">060222s1000------------r-----000-0-eng-d</controlfield><datafield ind1=" " ind2=" " tag="040"><subfield code="a">IFIN-HH</subfield></datafield><datafield ind1=" " ind2=" " tag="080"><subfield code="a">669.822</subfield></datafield><datafield ind1="1" ind2=" " tag="100"><subfield code="a">Holden, A.N</subfield></datafield><datafield ind1="1" ind2="0" tag="245"><subfield code="a">Physical metallurgy of uranium</subfield><subfield code="c">A.n. holden</subfield></datafield><datafield ind1=" " ind2=" " tag="250"><subfield code="a">262p</subfield></datafield><datafield ind1=" " ind2=" " tag="260"><subfield code="a">Reading/Massachusetts</subfield><subfield code="b">Addison-wesley Publishing Company</subfield><subfield code="c">1958</subfield></datafield><datafield ind1=" " ind2=" " tag="300"><subfield code="a">262P</subfield></datafield><datafield ind1=" " ind2=" " tag="852"><subfield code="a">13824</subfield><subfield code="c">H.H</subfield></datafield><datafield ind1=" " ind2=" " tag="CAT"><subfield code="a">Sys</subfield><subfield code="c">20130328</subfield><subfield code="h">113305</subfield></datafield></record></collection>